// References go in here:

@Misc {misc-reference,
title={Example Reference},
url={http://www.example.com},
note = {[{A}ccessed: 2016-04-08]},
}
